@book{buzug,
  title={Computed Tomography: From Photon Statistics to Modern Cone-Beam CT},
  author={Buzug, T.M.},
  isbn={9783540394082},
  lccn={2007943070},
  url={http://books.google.de/books?id=fNH1fSnjwrkC},
  year={2008},
  publisher={Springer}
}


@article{deMan,
  title={Iterative reconstruction for reduction of metal artifacts in computed tomography},
  author={De Man, Bruno},
  journal={status: published},
  year={2001}
}


@MISC{CUDABackprojection,
author = {Adam Arnesen},
title = {CUDA CT Backprojection Reconstruction},
month = feb,
year = {2011},
NOTE = "Available online at \url{http://wiki.arnesenfamily.net/doku.php?id=byu:projects:cuda_ct} visited on July 30th 2014."
}


@MISC{AttenuationTable,
author = {J. H. Hubbell, S. M. Seltzer},
title = {Tables of X-Ray Mass Attenuation Coefficients and Mass Energy-Absorption Coefficients from 1 keV to 20 MeV for Elements Z = 1 to 92 and 48 Additional Substances of Dosimetric Interest},
month = may,
year = {1996},
NOTE = "Available online at \url{http://www.nist.gov/pml/data/xraycoef/index.cfm} visited on July 30th 2014."
}


@article{CausesAndReductionTechniques,
  title={CT artifacts: causes and reduction techniques},
  author={Boas, F Edward and Fleischmann, Dominik},
  journal={Imaging in Medicine},
  volume={4},
  number={2},
  pages={229--240},
  year={2012},
  publisher={Future Medicine}
}


@MISC{revisionrads,
author = {{ReVision Radiology}},
title = {CT metal artifact reduction using the Metal Deletion Technique (MDT).},
month = feb,
year = {2014},
NOTE = "Available online at \url{http://www.revisionrads.com/index.html} visited on August 8th 2014."
}

@unpublished{IIIP_3_1,
author = {Markus Kowarschik},
title = {{Interventional Imaging \& Image Processing: Angiographic X-ray imaging, Basics of X-ray imaging (generation, absorption, and detection of X-rays)}},
month = nov,
year = {2012},
}


@unpublished{IIIP_3_4,
author = {Markus Kowarschik},
title = {{Interventional Imaging \& Image Processing: 2D angiographic imaging}},
month = jan,
year = {2013},
}


@unpublished{IIIP_3_5,
author = {Markus Kowarschik},
title = {{Interventional Imaging \& Image Processing: Flat-detector CT imaging (3D angiographic imaging)}},
month = jan,
year = {2013},
}


@MISC{wiktionaryTomography,
author = {{Wiktionary}},
title = {tomography},
month = jul,
year = {2014},
NOTE = "Available online at \url{http://en.wiktionary.org/wiki/tomography} visited on August 12th 2014."
}


@MISC{wiktionaryTomo,
author = {{Wiktionary}},
title = {tomo-},
month = dec,
year = {2013},
NOTE = "Available online at \url{http://en.wiktionary.org/wiki/tomo-#English} visited on August 12th 2014."
}


@MISC{wiktionaryGraphy,
author = {{Wiktionary}},
title = {-graphy},
month = oct,
year = {2013},
NOTE = "Available online at \url{http://en.wiktionary.org/wiki/-graphy#English} visited on August 12th 2014."
}


@MISC{visibleKorean,
author = {{Visible Korean Human Project}},
title = {Visible Korean Human},
month = mar,
year = {2005},
NOTE = "Available online at \url{http://vkh.ajou.ac.kr/} visited on August 13th 2014."
}


@ARTICLE{shepploganphantom,
author={Shepp, L.A and Logan, B.F.},
journal={Nuclear Science, IEEE Transactions on},
title={The Fourier reconstruction of a head section},
year={1974},
month={June},
volume={21},
number={3},
pages={21-43},
keywords={Fourier analysis;biomedical applications of computers;brain;radiography;Fourier reconstruction;head section;line integral;search algorithm;simulated phantom;subdural hematoma;weighting function},
doi={10.1109/TNS.1974.6499235},
ISSN={0018-9499},
}


@book{zeng,
  title={Medical Image Reconstruction: A Conceptual Tutorial},
  author={Zeng, G.},
  isbn={9783642053689},
  lccn={2009937574},
  url={http://books.google.de/books?id=2hdRiYZp3YcC},
  year={2010},
  publisher={Higher Education Press}
}


@article{Radon,
  author = {Johann Radon},
  journal = {Akad. Wiss.},
  pages = {262-277},
  title = {{\"U}ber die {B}estimmung von {F}unktionen durch ihre {I}ntegralwerte l\"angs gewisser {M}annigfaltigkeiten},
  volume = 69,
  year = 1917
}


@article {SchlechtGestellteProbleme,
author = {Louis, A. K},
title = {Inverse und schlecht gestellte Probleme},
journal = {ZAMM - Journal of Applied Mathematics and Mechanics / Zeitschrift f\"ur Angewandte Mathematik und Mechanik},
volume = {70},
number = {9},
publisher = {WILEY-VCH Verlag},
issn = {1521-4001},
pages = {409--409},
year = {1990},
}


@article{XRayTubeSpectrum,
  author = {J. Anthony Seibert},
  journal = {J. Nucl. Med. Technol.},
  pages = {139-147},
  title = {X-Ray Imaging Physics for Nuclear Medicine Technologists. Part 1: Basic Principles of X-Ray Production},
  volume = {32 no. 3,},
  year = {2004},
}


@MISC{ApacheLog4j,
author = {{Apache Software Foundation}},
title = {Apache Log4j 2},
month = aug,
year = {2014},
NOTE = "Available online at \url{http://logging.apache.org/log4j/2.x/} visited on August 14th 2014."
}

@MISC{ApacheLog4jLevels,
author = {{Apache Software Foundation}},
title = {Class Level},
month = sep,
year = {2012},
NOTE = "Available online at \url{https://logging.apache.org/log4j/1.2/apidocs/org/apache/log4j/Level.html} visited on August 14th 2014."
}


@MISC{pgmNetPBM,
author = {Jef Poskanzer},
title = {pgm},
month = nov,
year = {2013},
NOTE = "Available online at \url{http://netpbm.sourceforge.net/doc/pgm.html} visited on August 14th 2014."
}


@MISC{ringArt,
author = {Omar Giyab},
title = {Ring artefact},
month = apr,
year = {2013},
NOTE = "Available online at \url{http://radiopaedia.org/images/3234993} visited on August 14th 2014."
}
